%YAML 1.1
%TAG !u! tag:unity3d.com,2011:
--- !u!1 &647927407
GameObject:
  m_ObjectHideFlags: 0
  m_CorrespondingSourceObject: {fileID: 0}
  m_PrefabInstance: {fileID: 0}
  m_PrefabAsset: {fileID: 0}
  serializedVersion: 6
  m_Component:
  - component: {fileID: 647927408}
  - component: {fileID: 647927409}
  - component: {fileID: 5624229434555148153}
  m_Layer: 2
  m_Name: CloseAttackBox
  m_TagString: Untagged
  m_Icon: {fileID: 0}
  m_NavMeshLayer: 0
  m_StaticEditorFlags: 0
  m_IsActive: 1
--- !u!4 &647927408
Transform:
  m_ObjectHideFlags: 0
  m_CorrespondingSourceObject: {fileID: 0}
  m_PrefabInstance: {fileID: 0}
  m_PrefabAsset: {fileID: 0}
  m_GameObject: {fileID: 647927407}
  m_LocalRotation: {x: 0, y: 0, z: 0, w: 1}
  m_LocalPosition: {x: 1, y: 0.5, z: 0}
  m_LocalScale: {x: 1, y: 1, z: 1}
  m_Children: []
  m_Father: {fileID: 536907163021259336}
  m_RootOrder: 5
  m_LocalEulerAnglesHint: {x: 0, y: 0, z: 0}
--- !u!61 &647927409
BoxCollider2D:
  m_ObjectHideFlags: 0
  m_CorrespondingSourceObject: {fileID: 0}
  m_PrefabInstance: {fileID: 0}
  m_PrefabAsset: {fileID: 0}
  m_GameObject: {fileID: 647927407}
  m_Enabled: 1
  m_Density: 1
  m_Material: {fileID: 0}
  m_IsTrigger: 1
  m_UsedByEffector: 0
  m_UsedByComposite: 0
  m_Offset: {x: 0.25, y: -0.1}
  m_SpriteTilingProperty:
    border: {x: 0, y: 0, z: 0, w: 0}
    pivot: {x: 0, y: 0}
    oldSize: {x: 0, y: 0}
    newSize: {x: 0, y: 0}
    adaptiveTilingThreshold: 0
    drawMode: 0
    adaptiveTiling: 0
  m_AutoTiling: 0
  serializedVersion: 2
  m_Size: {x: 1.5, y: 2}
  m_EdgeRadius: 0
--- !u!114 &5624229434555148153
MonoBehaviour:
  m_ObjectHideFlags: 0
  m_CorrespondingSourceObject: {fileID: 0}
  m_PrefabInstance: {fileID: 0}
  m_PrefabAsset: {fileID: 0}
  m_GameObject: {fileID: 647927407}
  m_Enabled: 1
  m_EditorHideFlags: 0
  m_Script: {fileID: 11500000, guid: e8a70b897f7944649a5cff63d303bf69, type: 3}
  m_Name: 
  m_EditorClassIdentifier: 
  col: {fileID: 647927409}
--- !u!1 &1102889696
GameObject:
  m_ObjectHideFlags: 0
  m_CorrespondingSourceObject: {fileID: 0}
  m_PrefabInstance: {fileID: 0}
  m_PrefabAsset: {fileID: 0}
  serializedVersion: 6
  m_Component:
  - component: {fileID: 1102889697}
  - component: {fileID: 1102889698}
  - component: {fileID: 6375091291545236850}
  - component: {fileID: 1544132572}
  m_Layer: 11
  m_Name: AttackTrigger
  m_TagString: Untagged
  m_Icon: {fileID: 0}
  m_NavMeshLayer: 0
  m_StaticEditorFlags: 0
  m_IsActive: 1
--- !u!4 &1102889697
Transform:
  m_ObjectHideFlags: 0
  m_CorrespondingSourceObject: {fileID: 0}
  m_PrefabInstance: {fileID: 0}
  m_PrefabAsset: {fileID: 0}
  m_GameObject: {fileID: 1102889696}
  m_LocalRotation: {x: -0, y: -0, z: -0, w: 1}
  m_LocalPosition: {x: 0, y: 0, z: 0}
  m_LocalScale: {x: 1, y: 1, z: 1}
  m_Children: []
  m_Father: {fileID: 745383122930078402}
  m_RootOrder: 0
  m_LocalEulerAnglesHint: {x: 0, y: 0, z: 0}
--- !u!58 &1102889698
CircleCollider2D:
  m_ObjectHideFlags: 0
  m_CorrespondingSourceObject: {fileID: 0}
  m_PrefabInstance: {fileID: 0}
  m_PrefabAsset: {fileID: 0}
  m_GameObject: {fileID: 1102889696}
  m_Enabled: 0
  m_Density: 1
  m_Material: {fileID: 0}
  m_IsTrigger: 1
  m_UsedByEffector: 0
  m_UsedByComposite: 0
  m_Offset: {x: 0, y: 0}
  serializedVersion: 2
  m_Radius: 0.5
--- !u!114 &6375091291545236850
MonoBehaviour:
  m_ObjectHideFlags: 0
  m_CorrespondingSourceObject: {fileID: 0}
  m_PrefabInstance: {fileID: 0}
  m_PrefabAsset: {fileID: 0}
  m_GameObject: {fileID: 1102889696}
  m_Enabled: 1
  m_EditorHideFlags: 0
  m_Script: {fileID: 11500000, guid: 0a882641ce67185468aa99a15b48c9bc, type: 3}
  m_Name: 
  m_EditorClassIdentifier: 
  layerMask:
    serializedVersion: 2
    m_Bits: 35328
  slashVfxPrefab: {fileID: 0}
  canSwordClash: 1
--- !u!50 &1544132572
Rigidbody2D:
  serializedVersion: 4
  m_ObjectHideFlags: 0
  m_CorrespondingSourceObject: {fileID: 0}
  m_PrefabInstance: {fileID: 0}
  m_PrefabAsset: {fileID: 0}
  m_GameObject: {fileID: 1102889696}
  m_BodyType: 1
  m_Simulated: 1
  m_UseFullKinematicContacts: 0
  m_UseAutoMass: 0
  m_Mass: 1
  m_LinearDrag: 0
  m_AngularDrag: 0.05
  m_GravityScale: 1
  m_Material: {fileID: 0}
  m_Interpolate: 0
  m_SleepingMode: 1
  m_CollisionDetection: 0
  m_Constraints: 0
--- !u!1 &536907162454938671
GameObject:
  m_ObjectHideFlags: 0
  m_CorrespondingSourceObject: {fileID: 0}
  m_PrefabInstance: {fileID: 0}
  m_PrefabAsset: {fileID: 0}
  serializedVersion: 6
  m_Component:
  - component: {fileID: 536907162454938668}
  - component: {fileID: 536907162454938669}
  m_Layer: 0
  m_Name: Render
  m_TagString: Untagged
  m_Icon: {fileID: 0}
  m_NavMeshLayer: 0
  m_StaticEditorFlags: 0
  m_IsActive: 1
--- !u!4 &536907162454938668
Transform:
  m_ObjectHideFlags: 0
  m_CorrespondingSourceObject: {fileID: 0}
  m_PrefabInstance: {fileID: 0}
  m_PrefabAsset: {fileID: 0}
  m_GameObject: {fileID: 536907162454938671}
  m_LocalRotation: {x: -0, y: -0, z: -0, w: 1}
  m_LocalPosition: {x: 0, y: 0, z: 0}
  m_LocalScale: {x: 1, y: 1, z: 1}
  m_Children: []
  m_Father: {fileID: 536907163257981217}
  m_RootOrder: 0
  m_LocalEulerAnglesHint: {x: 0, y: 0, z: 0}
--- !u!212 &536907162454938669
SpriteRenderer:
  m_ObjectHideFlags: 0
  m_CorrespondingSourceObject: {fileID: 0}
  m_PrefabInstance: {fileID: 0}
  m_PrefabAsset: {fileID: 0}
  m_GameObject: {fileID: 536907162454938671}
  m_Enabled: 1
  m_CastShadows: 0
  m_ReceiveShadows: 0
  m_DynamicOccludee: 1
  m_MotionVectors: 1
  m_LightProbeUsage: 1
  m_ReflectionProbeUsage: 1
  m_RayTracingMode: 0
  m_RenderingLayerMask: 1
  m_RendererPriority: 0
  m_Materials:
  - {fileID: 10754, guid: 0000000000000000f000000000000000, type: 0}
  m_StaticBatchInfo:
    firstSubMesh: 0
    subMeshCount: 0
  m_StaticBatchRoot: {fileID: 0}
  m_ProbeAnchor: {fileID: 0}
  m_LightProbeVolumeOverride: {fileID: 0}
  m_ScaleInLightmap: 1
  m_ReceiveGI: 1
  m_PreserveUVs: 0
  m_IgnoreNormalsForChartDetection: 0
  m_ImportantGI: 0
  m_StitchLightmapSeams: 1
  m_SelectedEditorRenderState: 0
  m_MinimumChartSize: 4
  m_AutoUVMaxDistance: 0.5
  m_AutoUVMaxAngle: 89
  m_LightmapParameters: {fileID: 0}
  m_SortingLayerID: 0
  m_SortingLayer: 0
  m_SortingOrder: 6
  m_Sprite: {fileID: -555919670779815931, guid: f5610e56ee9dae2488be28e16ef8c849,
    type: 3}
  m_Color: {r: 1, g: 1, b: 1, a: 1}
  m_FlipX: 0
  m_FlipY: 0
  m_DrawMode: 0
  m_Size: {x: 7.5, y: 4}
  m_AdaptiveModeThreshold: 0.5
  m_SpriteTileMode: 0
  m_WasSpriteAssigned: 1
  m_MaskInteraction: 0
  m_SpriteSortPoint: 0
--- !u!1 &536907163021259339
GameObject:
  m_ObjectHideFlags: 0
  m_CorrespondingSourceObject: {fileID: 0}
  m_PrefabInstance: {fileID: 0}
  m_PrefabAsset: {fileID: 0}
  serializedVersion: 6
  m_Component:
  - component: {fileID: 536907163021259336}
  - component: {fileID: 536907163021259380}
  - component: {fileID: 536907163021259383}
  - component: {fileID: 536907163021259382}
  - component: {fileID: 536907163021259337}
  - component: {fileID: 1475029534}
  - component: {fileID: 1475029535}
  - component: {fileID: 5621164722877938724}
  m_Layer: 10
  m_Name: Samurai_Unit
  m_TagString: Untagged
  m_Icon: {fileID: 0}
  m_NavMeshLayer: 0
  m_StaticEditorFlags: 0
  m_IsActive: 1
--- !u!4 &536907163021259336
Transform:
  m_ObjectHideFlags: 0
  m_CorrespondingSourceObject: {fileID: 0}
  m_PrefabInstance: {fileID: 0}
  m_PrefabAsset: {fileID: 0}
  m_GameObject: {fileID: 536907163021259339}
  m_LocalRotation: {x: 0, y: 0, z: 0, w: 1}
  m_LocalPosition: {x: 0, y: 1, z: 0}
  m_LocalScale: {x: 1, y: 1, z: 1}
  m_Children:
  - {fileID: 536907163257981217}
  - {fileID: 3049362575993437778}
  - {fileID: 168453746821978022}
  - {fileID: 2794678918551244386}
  - {fileID: 7620484119077295626}
  - {fileID: 647927408}
  - {fileID: 745383122930078402}
  m_Father: {fileID: 0}
  m_RootOrder: 0
  m_LocalEulerAnglesHint: {x: 0, y: 0, z: 0}
--- !u!114 &536907163021259380
MonoBehaviour:
  m_ObjectHideFlags: 0
  m_CorrespondingSourceObject: {fileID: 0}
  m_PrefabInstance: {fileID: 0}
  m_PrefabAsset: {fileID: 0}
  m_GameObject: {fileID: 536907163021259339}
  m_Enabled: 1
  m_EditorHideFlags: 0
  m_Script: {fileID: 11500000, guid: d3ffce51345cd3a4fb0a713db0758928, type: 3}
  m_Name: 
  m_EditorClassIdentifier: 
  Invulnerable: 0
  max: 1
  current: 0
--- !u!114 &536907163021259383
MonoBehaviour:
  m_ObjectHideFlags: 0
  m_CorrespondingSourceObject: {fileID: 0}
  m_PrefabInstance: {fileID: 0}
  m_PrefabAsset: {fileID: 0}
  m_GameObject: {fileID: 536907163021259339}
  m_Enabled: 1
  m_EditorHideFlags: 0
  m_Script: {fileID: 11500000, guid: bf5a1b219338e3245bceea3ef498c514, type: 3}
  m_Name: 
  m_EditorClassIdentifier: 
  deathParticle: {fileID: 3813434817607974876, guid: a7197b8e8f0975d48971482fd055a571,
    type: 3}
  noAlertColor: {r: 1, g: 1, b: 1, a: 0.3137255}
  lowAlertColor: {r: 0.9716981, g: 0.7658646, b: 0.16042183, a: 0.3137255}
  highAlertColor: {r: 0.990566, g: 0.13577174, b: 0.07008721, a: 0.3137255}
  patrolSpeed: 5
  waitTimeOnPointNoAlert: 2.3
  waitTimeOnPathDoneNoAlert: 2.3
  highAlertPatrolSpeed: 9
  waitTimeOnPointAlerted: 1.3
  waitTimeOnPathDoneAlerted: 1.3
  pathPositions:
  - {fileID: 544577434722252793}
  - {fileID: 5715096399162468787}
  hookStunDuration: 1
  canvas_UnitAlarm: {fileID: 2794678918551244390}
  squashAnimation: {fileID: 1771000183}
  fieldOfView: {fileID: 7620484119077295627}
  visual: {fileID: 536907163021259382}
  closeAttackArea: {fileID: 647927409}
  attackTrigger: {fileID: 6375091291545236850}
  triggerPivot: {fileID: 745383122930078402}
  closeAttackTrigger: {fileID: 5624229434555148153}
  sparkParticles: {fileID: 3881932788369222275, guid: 4d22dcfe133cdb74db58e01983904500,
    type: 3}
  canDashAttack: 1
  extraDashRange: 5
  dashAtk_prepareDuration: 0.4
  dashAtk_recoverDuration: 0.35
  dashSpeed: 20
  dashMovementCurve:
    serializedVersion: 2
    m_Curve:
    - serializedVersion: 3
      time: 0
      value: 0
      inSlope: 3.0534756
      outSlope: 3.0534756
      tangentMode: 0
      weightedMode: 0
      inWeight: 0
      outWeight: 0.036362167
    - serializedVersion: 3
      time: 1
      value: 1
      inSlope: 0
      outSlope: 0
      tangentMode: 0
      weightedMode: 0
      inWeight: 0
      outWeight: 0
    m_PreInfinity: 2
    m_PostInfinity: 2
    m_RotationOrder: 4
  curveBrightPrepareCurve:
    serializedVersion: 2
    m_Curve:
    - serializedVersion: 3
      time: 0
      value: 0
      inSlope: 0
      outSlope: 0
      tangentMode: 34
      weightedMode: 0
      inWeight: 0
      outWeight: 0.33333334
    - serializedVersion: 3
      time: 0.84889615
      value: 0
      inSlope: 0
      outSlope: 4.999999
      tangentMode: 1
      weightedMode: 0
      inWeight: 0.37009504
      outWeight: 0.33333334
    - serializedVersion: 3
      time: 0.89333844
      value: 1
      inSlope: 16.666649
      outSlope: -18.20232
      tangentMode: 1
      weightedMode: 0
      inWeight: 0.33333334
      outWeight: 0.93434066
    - serializedVersion: 3
      time: 0.9288923
      value: 0
      inSlope: -5.0660973
      outSlope: -5.0660973
      tangentMode: 1
      weightedMode: 0
      inWeight: 0.33333334
      outWeight: 0.33333334
    - serializedVersion: 3
      time: 0.9644461
      value: 1
      inSlope: 22.511873
      outSlope: -67.41812
      tangentMode: 1
      weightedMode: 0
      inWeight: 0.33333334
      outWeight: 0.7581874
    - serializedVersion: 3
      time: 0.9822231
      value: 0
      inSlope: -27.969337
      outSlope: 31.160227
      tangentMode: 1
      weightedMode: 0
      inWeight: 0.7356867
      outWeight: 0.33333334
    - serializedVersion: 3
      time: 1
      value: 1
      inSlope: 56.252758
      outSlope: 56.252758
      tangentMode: 34
      weightedMode: 0
      inWeight: 0.33333334
      outWeight: 0
    m_PreInfinity: 2
    m_PostInfinity: 2
    m_RotationOrder: 4
  aimingCurve:
    serializedVersion: 2
    m_Curve:
    - serializedVersion: 3
      time: 0
      value: 0
      inSlope: 2
      outSlope: 2
      tangentMode: 0
      weightedMode: 0
      inWeight: 0
      outWeight: 0
    - serializedVersion: 3
      time: 1
      value: 0.95
      inSlope: 0
      outSlope: 0
      tangentMode: 0
      weightedMode: 0
      inWeight: 0
      outWeight: 0
    m_PreInfinity: 2
    m_PostInfinity: 2
    m_RotationOrder: 4
  canCloseAttack: 1
  canInstantCloseAttack: 1
  closeAttackPrepareRange: 3
  closeAtk_prepareDuration: 1
  closeAtk_recoverDuration: 0.35
--- !u!114 &536907163021259382
MonoBehaviour:
  m_ObjectHideFlags: 0
  m_CorrespondingSourceObject: {fileID: 0}
  m_PrefabInstance: {fileID: 0}
  m_PrefabAsset: {fileID: 0}
  m_GameObject: {fileID: 536907163021259339}
  m_Enabled: 1
  m_EditorHideFlags: 0
  m_Script: {fileID: 11500000, guid: 7b8c95b9d4af9f040bd1b5c9ad4443db, type: 3}
  m_Name: 
  m_EditorClassIdentifier: 
  animator: {fileID: 536907163021259337}
  bodyRender: {fileID: 536907162454938669}
--- !u!95 &536907163021259337
Animator:
  serializedVersion: 3
  m_ObjectHideFlags: 0
  m_CorrespondingSourceObject: {fileID: 0}
  m_PrefabInstance: {fileID: 0}
  m_PrefabAsset: {fileID: 0}
  m_GameObject: {fileID: 536907163021259339}
  m_Enabled: 1
  m_Avatar: {fileID: 0}
  m_Controller: {fileID: 9100000, guid: c05e2e41ea1f5c6428969437d3c0cd17, type: 2}
  m_CullingMode: 0
  m_UpdateMode: 0
  m_ApplyRootMotion: 0
  m_LinearVelocityBlending: 0
  m_WarningMessage: 
  m_HasTransformHierarchy: 1
  m_AllowConstantClipSamplingOptimization: 1
  m_KeepAnimatorControllerStateOnDisable: 0
--- !u!61 &1475029534
BoxCollider2D:
  m_ObjectHideFlags: 0
  m_CorrespondingSourceObject: {fileID: 0}
  m_PrefabInstance: {fileID: 0}
  m_PrefabAsset: {fileID: 0}
  m_GameObject: {fileID: 536907163021259339}
  m_Enabled: 1
  m_Density: 1
  m_Material: {fileID: 0}
  m_IsTrigger: 0
  m_UsedByEffector: 0
  m_UsedByComposite: 0
  m_Offset: {x: 0, y: 0}
  m_SpriteTilingProperty:
    border: {x: 0, y: 0, z: 0, w: 0}
    pivot: {x: 0, y: 0}
    oldSize: {x: 0, y: 0}
    newSize: {x: 0, y: 0}
    adaptiveTilingThreshold: 0
    drawMode: 0
    adaptiveTiling: 0
  m_AutoTiling: 0
  serializedVersion: 2
  m_Size: {x: 1, y: 2}
  m_EdgeRadius: 0
--- !u!50 &1475029535
Rigidbody2D:
  serializedVersion: 4
  m_ObjectHideFlags: 0
  m_CorrespondingSourceObject: {fileID: 0}
  m_PrefabInstance: {fileID: 0}
  m_PrefabAsset: {fileID: 0}
  m_GameObject: {fileID: 536907163021259339}
  m_BodyType: 0
  m_Simulated: 1
  m_UseFullKinematicContacts: 0
  m_UseAutoMass: 0
  m_Mass: 20
  m_LinearDrag: 0
  m_AngularDrag: 0.05
  m_GravityScale: 0.5
  m_Material: {fileID: 0}
  m_Interpolate: 0
  m_SleepingMode: 1
  m_CollisionDetection: 0
  m_Constraints: 4
--- !u!114 &5621164722877938724
MonoBehaviour:
  m_ObjectHideFlags: 0
  m_CorrespondingSourceObject: {fileID: 0}
  m_PrefabInstance: {fileID: 0}
  m_PrefabAsset: {fileID: 0}
  m_GameObject: {fileID: 536907163021259339}
  m_Enabled: 1
  m_EditorHideFlags: 0
  m_Script: {fileID: 11500000, guid: 5c1add79bc1cc7a46a790ceb581c1287, type: 3}
  m_Name: 
  m_EditorClassIdentifier: 
  width: 0.3
  radius: 3
--- !u!1 &536907163257981216
GameObject:
  m_ObjectHideFlags: 0
  m_CorrespondingSourceObject: {fileID: 0}
  m_PrefabInstance: {fileID: 0}
  m_PrefabAsset: {fileID: 0}
  serializedVersion: 6
  m_Component:
  - component: {fileID: 536907163257981217}
  - component: {fileID: 1771000183}
  m_Layer: 0
  m_Name: Visual
  m_TagString: Untagged
  m_Icon: {fileID: 0}
  m_NavMeshLayer: 0
  m_StaticEditorFlags: 0
  m_IsActive: 1
--- !u!4 &536907163257981217
Transform:
  m_ObjectHideFlags: 0
  m_CorrespondingSourceObject: {fileID: 0}
  m_PrefabInstance: {fileID: 0}
  m_PrefabAsset: {fileID: 0}
  m_GameObject: {fileID: 536907163257981216}
  m_LocalRotation: {x: 0, y: 0, z: 0, w: 1}
  m_LocalPosition: {x: 0, y: -1, z: 0}
  m_LocalScale: {x: 1, y: 1, z: 1}
  m_Children:
  - {fileID: 536907162454938668}
  m_Father: {fileID: 536907163021259336}
  m_RootOrder: 0
  m_LocalEulerAnglesHint: {x: 0, y: 0, z: 0}
--- !u!114 &1771000183
MonoBehaviour:
  m_ObjectHideFlags: 0
  m_CorrespondingSourceObject: {fileID: 0}
  m_PrefabInstance: {fileID: 0}
  m_PrefabAsset: {fileID: 0}
  m_GameObject: {fileID: 536907163257981216}
  m_Enabled: 1
  m_EditorHideFlags: 0
  m_Script: {fileID: 11500000, guid: b3e6d21f4e4f1964ba47841de75e1a43, type: 3}
  m_Name: 
  m_EditorClassIdentifier: 
  target: {fileID: 536907162454938668}
  settings:
  - Curve:
      serializedVersion: 2
      m_Curve:
      - serializedVersion: 3
        time: 0
        value: 0
        inSlope: 2
        outSlope: 2
        tangentMode: 34
        weightedMode: 0
        inWeight: 0
        outWeight: 0.33333334
      - serializedVersion: 3
        time: 0.5
        value: 1
        inSlope: 0
        outSlope: 0
        tangentMode: 34
        weightedMode: 0
        inWeight: 0.33333334
        outWeight: 0.33333334
      - serializedVersion: 3
        time: 1
        value: 0
        inSlope: -2
        outSlope: -2
        tangentMode: 34
        weightedMode: 0
        inWeight: 0.33333334
        outWeight: 0
      m_PreInfinity: 2
      m_PostInfinity: 2
      m_RotationOrder: 4
    extraScale: {x: -0.15, y: 0.15}
    CicleDuration: 0.5
  - Curve:
      serializedVersion: 2
      m_Curve:
      - serializedVersion: 3
        time: 0
        value: 0
        inSlope: 0
        outSlope: 0
        tangentMode: 34
        weightedMode: 0
        inWeight: 0
        outWeight: 0.33333334
      - serializedVersion: 3
        time: 0.7
        value: 0
        inSlope: 0
        outSlope: 0
        tangentMode: 0
        weightedMode: 0
        inWeight: 0.12465027
        outWeight: 0.33333334
      - serializedVersion: 3
        time: 0.93737185
        value: 1
        inSlope: 0
        outSlope: 0
        tangentMode: 0
        weightedMode: 0
        inWeight: 0.33333334
        outWeight: 0.33333334
      - serializedVersion: 3
        time: 1
        value: 0
        inSlope: -15.96726
        outSlope: -15.96726
        tangentMode: 34
        weightedMode: 0
        inWeight: 0.33333334
        outWeight: 0
      m_PreInfinity: 2
      m_PostInfinity: 2
      m_RotationOrder: 4
    extraScale: {x: -0.2, y: 0.2}
    CicleDuration: 1
  currentSettings:
    Curve:
      serializedVersion: 2
      m_Curve: []
      m_PreInfinity: 2
      m_PostInfinity: 2
      m_RotationOrder: 4
    extraScale: {x: 0, y: 0}
    CicleDuration: 0
--- !u!1 &2123190576228529274
GameObject:
  m_ObjectHideFlags: 0
  m_CorrespondingSourceObject: {fileID: 0}
  m_PrefabInstance: {fileID: 0}
  m_PrefabAsset: {fileID: 0}
  serializedVersion: 6
  m_Component:
  - component: {fileID: 3049362575993437778}
  m_Layer: 10
  m_Name: PatrolPath (1)
  m_TagString: Untagged
  m_Icon: {fileID: 0}
  m_NavMeshLayer: 0
  m_StaticEditorFlags: 0
  m_IsActive: 1
--- !u!4 &3049362575993437778
Transform:
  m_ObjectHideFlags: 0
  m_CorrespondingSourceObject: {fileID: 0}
  m_PrefabInstance: {fileID: 0}
  m_PrefabAsset: {fileID: 0}
  m_GameObject: {fileID: 2123190576228529274}
  m_LocalRotation: {x: -0, y: -0, z: -0, w: 1}
  m_LocalPosition: {x: 0, y: 0.13, z: 0}
  m_LocalScale: {x: 1, y: 1, z: 1}
  m_Children:
  - {fileID: 5715096399162468787}
  - {fileID: 544577434722252793}
  m_Father: {fileID: 536907163021259336}
  m_RootOrder: 1
  m_LocalEulerAnglesHint: {x: 0, y: 0, z: 0}
--- !u!1 &6432296650388938133
GameObject:
  m_ObjectHideFlags: 0
  m_CorrespondingSourceObject: {fileID: 0}
  m_PrefabInstance: {fileID: 0}
  m_PrefabAsset: {fileID: 0}
  serializedVersion: 6
  m_Component:
  - component: {fileID: 544577434722252793}
  m_Layer: 0
  m_Name: To
  m_TagString: Untagged
  m_Icon: {fileID: 6519382022992737161, guid: 0000000000000000d000000000000000, type: 0}
  m_NavMeshLayer: 0
  m_StaticEditorFlags: 0
  m_IsActive: 1
--- !u!4 &544577434722252793
Transform:
  m_ObjectHideFlags: 0
  m_CorrespondingSourceObject: {fileID: 0}
  m_PrefabInstance: {fileID: 0}
  m_PrefabAsset: {fileID: 0}
  m_GameObject: {fileID: 6432296650388938133}
  m_LocalRotation: {x: -0, y: -0, z: -0, w: 1}
  m_LocalPosition: {x: 1, y: 0, z: 0}
  m_LocalScale: {x: 1, y: 1, z: 1}
  m_Children: []
  m_Father: {fileID: 3049362575993437778}
  m_RootOrder: 1
  m_LocalEulerAnglesHint: {x: 0, y: 0, z: 0}
--- !u!1 &7535369755801093778
GameObject:
  m_ObjectHideFlags: 0
  m_CorrespondingSourceObject: {fileID: 0}
  m_PrefabInstance: {fileID: 0}
  m_PrefabAsset: {fileID: 0}
  serializedVersion: 6
  m_Component:
  - component: {fileID: 5715096399162468787}
  m_Layer: 0
  m_Name: From
  m_TagString: Untagged
  m_Icon: {fileID: 6519382022992737161, guid: 0000000000000000d000000000000000, type: 0}
  m_NavMeshLayer: 0
  m_StaticEditorFlags: 0
  m_IsActive: 1
--- !u!4 &5715096399162468787
Transform:
  m_ObjectHideFlags: 0
  m_CorrespondingSourceObject: {fileID: 0}
  m_PrefabInstance: {fileID: 0}
  m_PrefabAsset: {fileID: 0}
  m_GameObject: {fileID: 7535369755801093778}
  m_LocalRotation: {x: -0, y: -0, z: -0, w: 1}
  m_LocalPosition: {x: -1, y: 0, z: 0}
  m_LocalScale: {x: 1, y: 1, z: 1}
  m_Children: []
  m_Father: {fileID: 3049362575993437778}
  m_RootOrder: 0
  m_LocalEulerAnglesHint: {x: 0, y: 0, z: 0}
--- !u!1 &7743212136734063788
GameObject:
  m_ObjectHideFlags: 0
  m_CorrespondingSourceObject: {fileID: 0}
  m_PrefabInstance: {fileID: 0}
  m_PrefabAsset: {fileID: 0}
  serializedVersion: 6
  m_Component:
  - component: {fileID: 745383122930078402}
  m_Layer: 10
  m_Name: TriggerPivot
  m_TagString: Untagged
  m_Icon: {fileID: 0}
  m_NavMeshLayer: 0
  m_StaticEditorFlags: 0
  m_IsActive: 1
--- !u!4 &745383122930078402
Transform:
  m_ObjectHideFlags: 0
  m_CorrespondingSourceObject: {fileID: 0}
  m_PrefabInstance: {fileID: 0}
  m_PrefabAsset: {fileID: 0}
  m_GameObject: {fileID: 7743212136734063788}
  m_LocalRotation: {x: 0, y: 0, z: 0, w: 1}
  m_LocalPosition: {x: 0, y: -1, z: 0}
  m_LocalScale: {x: 1, y: 1, z: 1}
  m_Children:
  - {fileID: 1102889697}
  m_Father: {fileID: 536907163021259336}
  m_RootOrder: 6
  m_LocalEulerAnglesHint: {x: 0, y: 0, z: 0}
--- !u!1001 &3736309662771230289
PrefabInstance:
  m_ObjectHideFlags: 0
  serializedVersion: 2
  m_Modification:
    m_TransformParent: {fileID: 536907163021259336}
    m_Modifications:
    - target: {fileID: 6492902283247689816, guid: a139590809d17b748a29dafdac1f60f9,
        type: 3}
      propertyPath: m_Name
      value: FOV
      objectReference: {fileID: 0}
    - target: {fileID: 6492902283247689818, guid: a139590809d17b748a29dafdac1f60f9,
        type: 3}
      propertyPath: viewRadius
      value: 10
      objectReference: {fileID: 0}
    - target: {fileID: 6492902283247689818, guid: a139590809d17b748a29dafdac1f60f9,
        type: 3}
      propertyPath: viewAngle
      value: 90
      objectReference: {fileID: 0}
    - target: {fileID: 6492902283247689819, guid: a139590809d17b748a29dafdac1f60f9,
        type: 3}
      propertyPath: m_LocalPosition.x
      value: -0.19
      objectReference: {fileID: 0}
    - target: {fileID: 6492902283247689819, guid: a139590809d17b748a29dafdac1f60f9,
        type: 3}
      propertyPath: m_LocalPosition.y
      value: 0.49
      objectReference: {fileID: 0}
    - target: {fileID: 6492902283247689819, guid: a139590809d17b748a29dafdac1f60f9,
        type: 3}
      propertyPath: m_LocalPosition.z
      value: 0
      objectReference: {fileID: 0}
    - target: {fileID: 6492902283247689819, guid: a139590809d17b748a29dafdac1f60f9,
        type: 3}
      propertyPath: m_LocalRotation.x
      value: -0
      objectReference: {fileID: 0}
    - target: {fileID: 6492902283247689819, guid: a139590809d17b748a29dafdac1f60f9,
        type: 3}
      propertyPath: m_LocalRotation.y
      value: -0
      objectReference: {fileID: 0}
    - target: {fileID: 6492902283247689819, guid: a139590809d17b748a29dafdac1f60f9,
        type: 3}
      propertyPath: m_LocalRotation.z
      value: 0.014238098
      objectReference: {fileID: 0}
    - target: {fileID: 6492902283247689819, guid: a139590809d17b748a29dafdac1f60f9,
        type: 3}
      propertyPath: m_LocalRotation.w
      value: 0.9998987
      objectReference: {fileID: 0}
    - target: {fileID: 6492902283247689819, guid: a139590809d17b748a29dafdac1f60f9,
        type: 3}
      propertyPath: m_RootOrder
      value: 4
      objectReference: {fileID: 0}
    - target: {fileID: 6492902283247689819, guid: a139590809d17b748a29dafdac1f60f9,
        type: 3}
      propertyPath: m_LocalEulerAnglesHint.x
      value: 0
      objectReference: {fileID: 0}
    - target: {fileID: 6492902283247689819, guid: a139590809d17b748a29dafdac1f60f9,
        type: 3}
      propertyPath: m_LocalEulerAnglesHint.y
      value: 0
      objectReference: {fileID: 0}
    - target: {fileID: 6492902283247689819, guid: a139590809d17b748a29dafdac1f60f9,
        type: 3}
      propertyPath: m_LocalEulerAnglesHint.z
      value: 0
      objectReference: {fileID: 0}
    m_RemovedComponents: []
  m_SourcePrefab: {fileID: 100100000, guid: a139590809d17b748a29dafdac1f60f9, type: 3}
--- !u!4 &7620484119077295626 stripped
Transform:
  m_CorrespondingSourceObject: {fileID: 6492902283247689819, guid: a139590809d17b748a29dafdac1f60f9,
    type: 3}
  m_PrefabInstance: {fileID: 3736309662771230289}
  m_PrefabAsset: {fileID: 0}
--- !u!114 &7620484119077295627 stripped
MonoBehaviour:
  m_CorrespondingSourceObject: {fileID: 6492902283247689818, guid: a139590809d17b748a29dafdac1f60f9,
    type: 3}
  m_PrefabInstance: {fileID: 3736309662771230289}
  m_PrefabAsset: {fileID: 0}
  m_GameObject: {fileID: 0}
  m_Enabled: 1
  m_EditorHideFlags: 0
  m_Script: {fileID: 11500000, guid: 935fc1ee897c9874293f8fc9f37f5901, type: 3}
  m_Name: 
  m_EditorClassIdentifier: 
--- !u!1001 &4979185825319222179
PrefabInstance:
  m_ObjectHideFlags: 0
  serializedVersion: 2
  m_Modification:
    m_TransformParent: {fileID: 536907163021259336}
    m_Modifications:
    - target: {fileID: 7192581258672272832, guid: 30fee7412832bca44ae1a6c0b5a62996,
        type: 3}
      propertyPath: m_Name
      value: Canvas_UnitAlarm (1)
      objectReference: {fileID: 0}
    - target: {fileID: 7192581258672272833, guid: 30fee7412832bca44ae1a6c0b5a62996,
        type: 3}
      propertyPath: m_LocalPosition.x
      value: 0
      objectReference: {fileID: 0}
    - target: {fileID: 7192581258672272833, guid: 30fee7412832bca44ae1a6c0b5a62996,
        type: 3}
      propertyPath: m_LocalPosition.y
      value: 0
      objectReference: {fileID: 0}
    - target: {fileID: 7192581258672272833, guid: 30fee7412832bca44ae1a6c0b5a62996,
        type: 3}
      propertyPath: m_LocalPosition.z
      value: 0
      objectReference: {fileID: 0}
    - target: {fileID: 7192581258672272833, guid: 30fee7412832bca44ae1a6c0b5a62996,
        type: 3}
      propertyPath: m_LocalRotation.x
      value: -0
      objectReference: {fileID: 0}
    - target: {fileID: 7192581258672272833, guid: 30fee7412832bca44ae1a6c0b5a62996,
        type: 3}
      propertyPath: m_LocalRotation.y
      value: -0
      objectReference: {fileID: 0}
    - target: {fileID: 7192581258672272833, guid: 30fee7412832bca44ae1a6c0b5a62996,
        type: 3}
      propertyPath: m_LocalRotation.z
      value: -0
      objectReference: {fileID: 0}
    - target: {fileID: 7192581258672272833, guid: 30fee7412832bca44ae1a6c0b5a62996,
        type: 3}
      propertyPath: m_LocalRotation.w
      value: 1
      objectReference: {fileID: 0}
    - target: {fileID: 7192581258672272833, guid: 30fee7412832bca44ae1a6c0b5a62996,
        type: 3}
      propertyPath: m_RootOrder
      value: 3
      objectReference: {fileID: 0}
    - target: {fileID: 7192581258672272833, guid: 30fee7412832bca44ae1a6c0b5a62996,
        type: 3}
      propertyPath: m_LocalEulerAnglesHint.x
      value: 0
      objectReference: {fileID: 0}
    - target: {fileID: 7192581258672272833, guid: 30fee7412832bca44ae1a6c0b5a62996,
        type: 3}
      propertyPath: m_LocalEulerAnglesHint.y
      value: 0
      objectReference: {fileID: 0}
    - target: {fileID: 7192581258672272833, guid: 30fee7412832bca44ae1a6c0b5a62996,
        type: 3}
      propertyPath: m_LocalEulerAnglesHint.z
      value: 0
      objectReference: {fileID: 0}
    - target: {fileID: 7192581258672272833, guid: 30fee7412832bca44ae1a6c0b5a62996,
        type: 3}
      propertyPath: m_AnchoredPosition.x
      value: 0
      objectReference: {fileID: 0}
    - target: {fileID: 7192581258672272833, guid: 30fee7412832bca44ae1a6c0b5a62996,
        type: 3}
      propertyPath: m_AnchoredPosition.y
      value: -1
      objectReference: {fileID: 0}
    - target: {fileID: 7192581258672272833, guid: 30fee7412832bca44ae1a6c0b5a62996,
        type: 3}
      propertyPath: m_SizeDelta.x
      value: 30
      objectReference: {fileID: 0}
    - target: {fileID: 7192581258672272833, guid: 30fee7412832bca44ae1a6c0b5a62996,
        type: 3}
      propertyPath: m_SizeDelta.y
      value: 38
      objectReference: {fileID: 0}
    - target: {fileID: 7192581258672272833, guid: 30fee7412832bca44ae1a6c0b5a62996,
        type: 3}
      propertyPath: m_AnchorMin.x
      value: 0
      objectReference: {fileID: 0}
    - target: {fileID: 7192581258672272833, guid: 30fee7412832bca44ae1a6c0b5a62996,
        type: 3}
      propertyPath: m_AnchorMin.y
      value: 0
      objectReference: {fileID: 0}
    - target: {fileID: 7192581258672272833, guid: 30fee7412832bca44ae1a6c0b5a62996,
        type: 3}
      propertyPath: m_AnchorMax.x
      value: 0
      objectReference: {fileID: 0}
    - target: {fileID: 7192581258672272833, guid: 30fee7412832bca44ae1a6c0b5a62996,
        type: 3}
      propertyPath: m_AnchorMax.y
      value: 0
      objectReference: {fileID: 0}
    - target: {fileID: 7192581258672272833, guid: 30fee7412832bca44ae1a6c0b5a62996,
        type: 3}
      propertyPath: m_Pivot.x
      value: 0.5
      objectReference: {fileID: 0}
    - target: {fileID: 7192581258672272833, guid: 30fee7412832bca44ae1a6c0b5a62996,
        type: 3}
      propertyPath: m_Pivot.y
      value: 0
      objectReference: {fileID: 0}
    - target: {fileID: 7192581258672272833, guid: 30fee7412832bca44ae1a6c0b5a62996,
        type: 3}
      propertyPath: m_LocalScale.x
      value: 0.1
      objectReference: {fileID: 0}
    - target: {fileID: 7192581258672272833, guid: 30fee7412832bca44ae1a6c0b5a62996,
        type: 3}
      propertyPath: m_LocalScale.y
      value: 0.1
      objectReference: {fileID: 0}
    - target: {fileID: 7192581258672272833, guid: 30fee7412832bca44ae1a6c0b5a62996,
        type: 3}
      propertyPath: m_LocalScale.z
      value: 0.1
      objectReference: {fileID: 0}
    - target: {fileID: 7192581258672272837, guid: 30fee7412832bca44ae1a6c0b5a62996,
        type: 3}
      propertyPath: owner
      value: 
      objectReference: {fileID: 0}
    m_RemovedComponents: []
  m_SourcePrefab: {fileID: 100100000, guid: 30fee7412832bca44ae1a6c0b5a62996, type: 3}
--- !u!224 &2794678918551244386 stripped
RectTransform:
  m_CorrespondingSourceObject: {fileID: 7192581258672272833, guid: 30fee7412832bca44ae1a6c0b5a62996,
    type: 3}
  m_PrefabInstance: {fileID: 4979185825319222179}
  m_PrefabAsset: {fileID: 0}
--- !u!114 &2794678918551244390 stripped
MonoBehaviour:
  m_CorrespondingSourceObject: {fileID: 7192581258672272837, guid: 30fee7412832bca44ae1a6c0b5a62996,
    type: 3}
  m_PrefabInstance: {fileID: 4979185825319222179}
  m_PrefabAsset: {fileID: 0}
  m_GameObject: {fileID: 0}
  m_Enabled: 1
  m_EditorHideFlags: 0
  m_Script: {fileID: 11500000, guid: 9679a9159bcaeed4e9ea1d3307d0435f, type: 3}
  m_Name: 
  m_EditorClassIdentifier: 
--- !u!1001 &8616924887780509860
PrefabInstance:
  m_ObjectHideFlags: 0
  serializedVersion: 2
  m_Modification:
    m_TransformParent: {fileID: 536907163021259336}
    m_Modifications:
    - target: {fileID: 2271168768097216487, guid: 528de05e41ee0cf4b8c5f56cb4a954b9,
        type: 3}
      propertyPath: m_Name
      value: Trail_Default
      objectReference: {fileID: 0}
    - target: {fileID: 8485626456763342594, guid: 528de05e41ee0cf4b8c5f56cb4a954b9,
        type: 3}
      propertyPath: m_LocalPosition.x
      value: 0
      objectReference: {fileID: 0}
    - target: {fileID: 8485626456763342594, guid: 528de05e41ee0cf4b8c5f56cb4a954b9,
        type: 3}
      propertyPath: m_LocalPosition.y
      value: 0
      objectReference: {fileID: 0}
    - target: {fileID: 8485626456763342594, guid: 528de05e41ee0cf4b8c5f56cb4a954b9,
        type: 3}
      propertyPath: m_LocalPosition.z
      value: 0
      objectReference: {fileID: 0}
    - target: {fileID: 8485626456763342594, guid: 528de05e41ee0cf4b8c5f56cb4a954b9,
        type: 3}
      propertyPath: m_LocalRotation.x
      value: -0
      objectReference: {fileID: 0}
    - target: {fileID: 8485626456763342594, guid: 528de05e41ee0cf4b8c5f56cb4a954b9,
        type: 3}
      propertyPath: m_LocalRotation.y
      value: -0
      objectReference: {fileID: 0}
    - target: {fileID: 8485626456763342594, guid: 528de05e41ee0cf4b8c5f56cb4a954b9,
        type: 3}
      propertyPath: m_LocalRotation.z
      value: -0
      objectReference: {fileID: 0}
    - target: {fileID: 8485626456763342594, guid: 528de05e41ee0cf4b8c5f56cb4a954b9,
        type: 3}
      propertyPath: m_LocalRotation.w
      value: 1
      objectReference: {fileID: 0}
    - target: {fileID: 8485626456763342594, guid: 528de05e41ee0cf4b8c5f56cb4a954b9,
        type: 3}
      propertyPath: m_RootOrder
      value: 2
      objectReference: {fileID: 0}
    - target: {fileID: 8485626456763342594, guid: 528de05e41ee0cf4b8c5f56cb4a954b9,
        type: 3}
      propertyPath: m_LocalEulerAnglesHint.x
      value: 0
      objectReference: {fileID: 0}
    - target: {fileID: 8485626456763342594, guid: 528de05e41ee0cf4b8c5f56cb4a954b9,
        type: 3}
      propertyPath: m_LocalEulerAnglesHint.y
      value: 0
      objectReference: {fileID: 0}
    - target: {fileID: 8485626456763342594, guid: 528de05e41ee0cf4b8c5f56cb4a954b9,
        type: 3}
      propertyPath: m_LocalEulerAnglesHint.z
      value: 0
      objectReference: {fileID: 0}
    m_RemovedComponents: []
  m_SourcePrefab: {fileID: 100100000, guid: 528de05e41ee0cf4b8c5f56cb4a954b9, type: 3}
--- !u!4 &168453746821978022 stripped
Transform:
  m_CorrespondingSourceObject: {fileID: 8485626456763342594, guid: 528de05e41ee0cf4b8c5f56cb4a954b9,
    type: 3}
  m_PrefabInstance: {fileID: 8616924887780509860}
  m_PrefabAsset: {fileID: 0}
